@Book{Avriel,
author = {Avriel, M. and Diewert, W.E. and Schaible, S. and Zang,I.},
title = {Generalized Concavity},
publisher = {SIAM Classics in Applied Mathematics},
address = {Philadelphia},
year = {2010}
}

@Book{Allgower_1990,
author = {Allgower, Eugene L.},
title = {Introduction to numerical continuation methods},
publisher = {Colorado State University},
address = {Colorado},
year = {1990}
}


@Book{Sommese_2005,
author = {Sommese, Andrew J.},
title = {Numerical solution of polynomial systems arising in engineering and science},
publisher = {World Scientific Press},
address = {Singapore},
year = {2005}
}


@Book{Prus,
author = {Prus, Stanisław and Stachura, Adam},
title = {Analiza Funkcjonalna w zadaniach},
publisher = {PWN},
address = {Warszawa},
year = {2007}
}

@Book{Rockafellar_2010,
author = {Rockafellar, Tyrrell R. and Dontchev, Asen L.},
title = {Implicit Functions and Solution Mappings: a view from Variational Analysis},
publisher = {Springer},
address = {New York},
year = {2010}
}


@Book{Bourbaki_1971,
author = {Bourbaki, Nicolas},
title = {Topologie G\' en\' erale},
publisher = {WIlliam Clowes \& Sons, Limited},
address = {London},
year = {1971}
}

@Book{Carl,
author = {Carl, S. and Heikill\"a, S.},
title = {Fixed Point Theory in Ordered Sets and Applications},
publisher = {Springer},	
address = {New York},
year = {2011}
}

@Book{Appell,
author = {Appell, J\"urgen and Zabreiko, Pietr Pietrowicz},
title = {Nonlinear superposition operators},
publisher = {Cambridge Tracts in Mathematics},	
address = {Cambridge},
volume	= {95},
year = {2008}
}


@Book{Turek,
author = {Turek, S. and Błaszczyk, A.},
title = {Teoria Mnogości},
publisher = {PWN},	
address = {Warszawa},
year = {2007}
}


@Book{Krasno,
author = {Krasnoselski, Mark Aleksandrowicz  and Zabreiko, Pietr Pietrowicz},
title = {Geometriczeskije Metody Nieliniejnowo Analiza},
publisher = {Izdatelstwo Nauka},	
address = {Moskwa},
year = {1975}
}



@Book{Dugundji,
author = {Dugundji, John},
title = {Topology},
publisher = {Allyn and Bacon Inc},	
address = {Boston},
year = {1966}
}

@Book{Engelking,
author = {Engelking, Ryszard},
title = {Topologia Ogólna},
publisher = {PWN},	
address = {Warszawa},
year = {2007}
}


@article{Precup_1995,
author 	= {Precup, Radu},
title	= {A {Granas} type approach to some continuation theorems and periodic boundary value problems with impulses},
journal = {Journal of the {J}uliusz {S}chauder {C}enter},
pages	= {385-396},
year	= {1995},
volume	= {5}
}


@article{Granas_1980,
author 	= {Granas, Andrzej and Guenther },
title	= {Applications of topological transversality to differential equations},
journal = {Pacific Journal of mathematics},
pages	= {53-67},
year	= {1980},
volume	= {89}
}

@Book{Granas_FPT,
author = {Granas, Andrzej and Dugundji, John},
title = {Fixed Point Theory},
publisher = {Springer},	
address = {New York},
year = {2003}
}

@Book{Evans_Measure,
author = {Evans, Lawrewnce Craig and Gariepy, Ronald F. },
title = {Measure theory and fine properties of functions},
publisher = {CRC Press},	
address = {Boca Raton},
year = {1992}
}

@Book{Mardsen,
author = {Mardsen, Jerrold E. and Ratiu, Tudor and Abraham, Ralph},
title = {Manifolds, Tensor Analysis, and Applications},
publisher = {Springer},	
address = {New York},
year = {2001}
}

@Book{Maurin,
author = {Maurin , Krzysztof},
title = {Analiza},
publisher = {PWN},	
address = {Warszawa},
year = {2010},
volume = {I}
}

@Book{Royden,
author = {Royden, Hen L.},
title = {Real Analysis},
publisher = {Macmillan Publishing Company},	
address = {New York},
year = {1988},
edition = {Wyd. 3}
}

@Book{Rudin,
author = {Rudin, Walter},
title = {Analiza funkcjonalna},
publisher = {PWN},	
address = {Warszawa},
year = {2009}
}

@Book{Spivak,
author = {Spivak, Michael},
title = {Calculus on Manifolds},
publisher = {Addison-Wesley Publishing Company},	
address = {New York},
year = {1965}
}

@Book{Kincaid,
author = {Kincaid, David and Cheney, Ward},
title = {Analiza Numeryczna},
publisher = {Wydawnictwa Naukowo-Techniczne},	
address = {Warszawa},
year = {2002}
}

@Book{Prescott,
author = {Prescott, Edward C. and Stokey, Nancy L. and Lucas, Robert E. Jr.},
title = {Recursive Methods in Economics},
publisher = {Harvard University Press},	
address = {Cambridge},
year = {1989}
}

@article{Coleman1,
author 	= {Coleman, II, Wilbur John},
title	= {Equilibrium in a Production Economy with an Income Tax},
journal = {Econometrica},
pages	= {1091-1104},
year	= {1991},
volume	= {59}
}

@article{Coleman_1997,
author 	= {Coleman, II, Wilbur John},
title	= {Equilibria in Distorted Infinite-Horizon Economies with Capital and Labor},
journal = {{J}ournal of {E}conomic {T}heory},
pages	= {446-461},
year	= {1997},
volume	= {72}
}


@article{Doraszelski_2008,
author 	= {Doraszelski, Ulrich and Borkovsky, Ron N. and Kryukov, Yaroslav},
title	= {A user's guide to solving dynamic stochastic games using the homotopy method},
journal = {C.E.P.R. Discussion Papers},
year	= {2008},
}


@article{Coleman2,
author 	= {Coleman, II, Wilbur John},
title	= {Uniqueness of an Equilibrium in Infinite-Horizon Economies Subject to Taxes and Externalities},
journal = {Journal of Economic Theory},
pages	= {71-78},
year	= {2000},
volume	= {95}
}


@article{Santos_2002,
author 	= {Santos, Manuel S.},
title	= {On non-existence of {M}arkov Equilibria in Competitive-market economies},
journal = {Journal of Economic Theory},
pages	= {73-98},
year	= {2002},
volume	= {105}
}

@article{Goebel,
author 	= {Goebel, M. },
title	= {On {F}r\'echet-differentiability of {N}emytskij operators acting in {H}\"older Spaces},
journal = {Glasgow Mathematical Journal},
pages	= {1-5},
year	= {1991},
volume	= {33}
}

@article{Guillerme_1995,
author 	= {Guillerme, Jean},
title	= {Intermediate value theorems and fixed point theorems for semi-continuous functions in product spaces},
journal = {Proceedings of the {A}merican {M}athematical {S}ociety},
pages	= {2119-2122},
number	= {7},
month	= {Lipiec},
year	= {1995},
volume	= {123}
}


@article{Greenwood,
author 	= {Greenwood, J. and Huffman, G. },
title	= {On the existence of nonoptimal equilibria in dynamic stochastic economies},
journal = {Journal of Economic Theory},
pages	= {611-623},
year	= {1995},
volume	= {65}
}

@inproceedings{Herings_2009,
author 	= {Herings, Jean-Jacques P. and Peeters, Ronald},
title	= {Homotopy methods to compute equilibria in game theory},
organization = {Symposium of {E}conomic {T}heory},
publisher = {Springer},
pages	= {119-156},
year	= {2009},
volume	= {42}
}


@article{Lanza1,
author 	= {Lanza de Cristoforis, Massimo },
title	= {Properties and Pathologies of the Composition and Inversion Operators in {S}chauder Spaces},
journal = {Rendiconti dell'Accademia Nazionale delle Scienze -- detta dai XL Memorie di Matematica},
pages	= {93-109},
year	= {1991},
volume	= {XV}
}


@article{Lanza2,
author 	= {Lanza de Cristoforis, Massimo },
title	= {Higher order differentiability properties of the composition and of the inversion operator},
journal = {Indagationes Mathematic\ae},
pages	= {457-482},
year	= {1994},
volume	= {N.S. 5(4)}
}

@article{Nugari1,
author 	= {Nugari, Rita},
title	= {{F}urther remarks on the {N}emitskii operator in  {H}\"older spaces},
journal = {Commentationes Mathematic\ae ~Universitatis Carolin\ae},
address	= {Praha},
year	= {1993}
}

@article{Garcia,
author 	= {Zangwill, Willard I. and Garcia, Costam .B.},
title	= {An approach to homotopy and degree theory},
journal = {Mathematics of operations research},
volume	= {4},
address	= {Chicago},
year	= {1980} 
}


@article{Garcia_1979,
author 	= {Zangwill, Willard I. and Garcia, Costam B.},
title	= {Finding all solutions to polynomial systems and other systems of equations},
journal = {Mathematical Programming},
volume	= {16},
year	= {1979} 
}

@article{Garcia_1980,
author 	= {Garcia, Costam B. and Li, Tomtam Y.},
title	= {On the number of solutions to polynomial systems of equations},
journal = {SIAM {J}ournal on {N}umerical {A}nalysis},
volume	= {17},
year	= {1980} 
}

@article{Heijer_1981,
author 	= {Den Heijer, C. and Rheinboldt, Walter C.},
title	= {On steplength algorithms for a class of continuation methods},
journal = {SIAM {J}ournal on {N}umerical {A}nalysis},
volume	= {18},
year	= {1981} 
}

@unpublished{Bajari_2010,
author 	= {Bajari, Patrick and Hong, Han and Krainer, John and Nekipelov, Denis},
title	= {Computing Equilibria in Static Games of Incomplete Infromation Using the All-Solution Homotopy},
year	= {2010},
note	= {w przygotowaniu}
}


@unpublished{Heinonen,
author 	= {Heinonen, J.},
title	= {Lectures on {L}ipschitz analysis},
year	= {2005},
note	= {notatki do wykładu dostępne na stronie \url{http://www.math.jyu.fi/research/reports/rep100.pdf}}
}


@article{Brock_1972,
author 	= {Brock, William A. and Mirman, Leonard J.},
title	= {Optimal growth and uncertainty: the discounted case},
journal = {{J}ournal of {E}conomic {T}heory},
year	= {1972},
volume	= {4}
}

@article{Reffett_2008,
author 	= {Reffett, K. and Datta, M. and Mirman, Leonard J. and Morand, Olivier F.},
title	= {A qualitative approach to {M}arkovian equilibrium in infinite horizon economies with capital},
journal = {{J}ournal of {E}conomic {T}heory},
year	= {2008},
volume	= {139}
}


@unpublished{Reffett,
author 	= {Reffett, K. and Datta, M. and Mirman, Leonard J. and Morand, Olivier F.},
title	= {Which recursive equilibrium?},
year	= {2010},
note	= {w przygotowaniu}
}

@unpublished{Judd_2003,
author 	= {Judd, Kenneth L.},
title	= {Existence, Uniqueness, and Computational Theory for Time Consistent Equilibria: A Hyperbolic Discounting Example},
year	= {2004}

}

@Book{Judd_NME,
author = {Judd, Kenneth L.},
title = {Numerical Methods in Economics},
publisher = {MIT},	
address = {Hong Kong},
year = {1998}
}

@Book{Brown_2004,
author = {Brown, Robert F.},
title = {A topological introduction to nonlinear analysis},
publisher = {Birkh\"auser},	
address = {Boston},
year = {2004}
}

@Book{Kompedium,
author = {Bronstein, I. and Semendjajew, K. and Musiol, Gerhard and M\"uhlig, Heiner},
title = {Kompedium matematyki},
publisher = {PWN},	
address = {Warszawa},
year = {2007}
}

@Book{Foias_2004,
author = {Foias, Ciprian and Manley, Oscar P. and Rosa, Ricardo and Temam, Roger},
title = {Navier-Stokes Equations and Turbulence},
publisher = {{C}ambridge {U}niversity {P}ress},	
address = {Cambridge},
year = {2004}
}





